@article{KPCA,
	author={Scholk{\"o}pf, Bernhard and Smola, Alexander},
	title={Nonlinear Component Analysis as a Kernel Eigenvalue Problem},
	journal={Neural Computation},
	year={1998},
	url={bit.ly/2sQ72Ng},
	urldate = {2017-12-16}
}

@article{Gini-Index,
	author={Raileanu, L. and Stoffel, K.},
	title={Theoretical comparison between the Gini Index and Information Gain criteria},
	journal={Annals of Mathematics and Artificial Intelligence},
	year={2004},
	url={bit.ly/2Mnwr9d},
	urldate = {2017-12-16}
}

@article{KNN,
	author={Imandoust, S. and Bolandraftar, M.},
	title={Application of K-Nearest Neighbor (KNN) Approach for Predicting Economic Events: Theoretical Background},
	journal={International Journal of Engineering Research and Applications},
	year={2013},
	url={bit.ly/2t3V5m3},
	urldate = {2017-12-16}
}

@article{DecisionTreeOG,
	author={Quinlan, J.},
	title={Induction of Decision Trees},
	journal={Machine Learning},
	year={1986},
	url={bit.ly/2l6To40},
	urldate = {2017-12-17}
}

@article{DecisionTreeNonPara,
	author={Friedl, M. and Brodley, C.},
	title={Decision Tree Classification of Land Cover from Remotely Sensed Data},
	journal={Remote Sensing of Environment},
	year={1998},
	url={bit.ly/2MnnEUr},
	urldate = {2017-12-17}
}

@article{RandomForestOG,
	author={Breiman, L.},
	title={Random Forests},
	journal={Machine Learning},
	year={2001},
	url={bit.ly/2JIRAZL},
	urldate = {2017-12-17}
}

@article{RandomForestHighDim,
	author={Liaw, A. and Wiener, M.},
	title={Classification and Regression by randomForest},
	journal={The R Journal},
	year={2002},
	url={bit.ly/2Eli2cn},
	urldate = {2017-12-17}
}

@article{gradientBoostingOG,
	author={Friedman, J.},
	title={Stochastic Gradient Boosting},
	journal={Computational Statistics \& Data Analysis},
	year={1999},
	url={bit.ly/2EMQecX},
	urldate = {2017-12-17}
}

@article{gradientBoostingDetails,
	author={Friedman, J. and Hastie, T. and Tibshirani, R.},
	title={Additive Logistic Regression: A Statistical View of Boosting},
	journal={The Annals of Statistics},
	year={2000},
	url={bit.ly/2qwrXDz},
	urldate = {2017-12-17}
}

@article{LogisticRegressionOG,
	author={Cox, D.},
	title={The Regression Analysis Of Binary Sequences},
	journal={Journal of the Royal Statistical Society},
	year={1958},
	url={bit.ly/2JGhsFx},
	urldate = {2018-01-08}
}

@proceedings{LogisticRegressionMath,
	author={Xing, E. and Jordan, M. and Karp, R.},
	title={Feature Selection for High-Dimensional Genomic Microarray Data},
	booktitle={Proc.\ 18th International Conf.\ on Machine Learning},
	publisher={Morgan Kaufmann, San Francisco, CA},
	year={2001},
	url={bit.ly/2C1kU8O},
	urldate = {2018-01-08}
}

@article{LogisticRegressionDimensionaliy,
	author={Genkin, A. and Lewis, D. and Madigan, D.},
	title={Large-Scale Bayesian Logistic Regression for Text Categorization},
	journal={American Statistical Association},
	year={2007},
	url={bit.ly/2nLcAG7},
	urldate = {2018-01-08}
}

@article{NaiveBayesOG,
	author={Ng, A. and Jordan, M.},
	title={On Discriminative vs. Generative Classifiers: A Comparison of Logistic Regression and Naïve Bayes},
	journal={Neural Processing Letters},
	year={2008},
	url={bit.ly/2FUhEyw},
	urldate = {2018-01-08}
}

@proceedings{NaiveBayesEstimator,
	author={Zhang, H.},
	title={The Optimality of Naive Bayes},
	booktitle={Proc.\ 17th International Florida Artificial Intelligence Research Society Conf.},
	publisher={AAAI Press, Miami Beach, Florida},
	year={2004},
	url={bit.ly/2LMZzpd},
	urldate = {2018-01-08}
}

@article{SVM,
	author={Cortes, C. and Vapnik, V.},
	title={Support-Vector Networks},
	journal={Machine Learning},
	year={1995},
	url={bit.ly/1qAiBks},
	urldate = {2018-01-08}
}

@article{SVMGradient,
	author={Shalev-Shwartz, S. and Singer, Y. and Srebro, N. and Cotte, A.},
	title={Pegasos: Primal Estimated Sub-Gradient Solver for SVM},
	journal={Mathematical Programming},
	year={2011},
	url={bit.ly/2JLQOye},
	urldate = {2018-01-08}
}

@techreport{SVMSpeed,
	address = {Dortmund},
	author = {Joachims, T.},
	number = {1998,28},
	publisher = {SFB 475, Universit\"{a}t Dortmund},
	title = {Making large-scale SVM learning practical},
	type = {Technical Report, SFB 475: Komplexit\"{a}tsreduktion in Multivariaten Datenstrukturen,	Universit\"{a}t Dortmund},
	year = {1998},
	url = {bit.ly/2y2LjGN},
	urldate = {2018-01-08}
}

@proceedings{AnnInit,
	author={Fernández-Redondo, M. and Hernández-Espinosa, C.},
	title={Weight Initialization Methods for Multilayer Feedforward},
	booktitle={European Symposium on Artificial Neural Networks},
	year={2001},
	url={bit.ly/2y2LjGN},
	urldate = {2018-01-08}
}

@article{AnnSpec,
	author={Gardner, M. and Dorling, S.},
	title={Artificial Neural Networks (The Multilayer Perceptron) -- A Review of Applications in the Atmospheric Sciences},
	journal={Atmospheric Environment},
	year={1998},
	url={bit.ly/2nW2q5x},
	urldate = {2018-01-08}
}

@inproceedings{AnnMath,
  title={Brief Introduction of Back Propagation (BP) Neural Network Algorithm and Its Improvement},
  author={Li, J. and Cheng, J. and Shi, J. and Huang, F.},
  year={2012}
}

@article{imbalanceBias,
	author={Batista, G. and Prati, R. and Monard, M.},
	title={A Study of the Behaviour of Several Methods for Balancing Machine Learning Training Data},
	journal={ACM SIGKDD Explorations Newsletter},
	year={2004},
	url={bit.ly/2HIcA0L},
	urldate = {2018-03-22}
}

@article{scikit-learn,
	title={Scikit-learn: Machine Learning in {P}ython},
	author={Pedregosa, F. and Varoquaux, G. and Gramfort, A. and Michel, V.
		and Thirion, B. and Grisel, O. and Blondel, M. and Prettenhofer, P.
		and Weiss, R. and Dubourg, V. and Vanderplas, J. and Passos, A. and
		Cournapeau, D. and Brucher, M. and Perrot, M. and Duchesnay, E.},
	journal={Journal of Machine Learning Research},
	volume={12},
	year={2011}
}
